<record><leader>00000cas a22000007a 4500</leader><controlfield tag="001">16316641</controlfield><controlfield tag="008">870729d19791988iauwr ne      0    0eng d</controlfield><datafield ind1=" " ind2=" " tag="010"><subfield code="a">sn 87057586 </subfield></datafield><datafield ind1=" " ind2=" " tag="040"><subfield code="a">INP</subfield><subfield code="b">eng</subfield><subfield code="c">INP</subfield><subfield code="d">OCLCQ</subfield></datafield><datafield ind1=" " ind2=" " tag="042"><subfield code="a">msc</subfield></datafield><datafield ind1="0" ind2=" " tag="130"><subfield code="a">Kossuth County advance (Algona, Iowa : 1979)</subfield></datafield><datafield ind1="1" ind2="0" tag="245"><subfield code="a">Kossuth County advance.</subfield></datafield><datafield ind1="3" ind2="0" tag="246"><subfield code="a">Kossuth County Iowa advance</subfield></datafield><datafield ind1=" " ind2=" " tag="260"><subfield code="a">Algona, Iowa :</subfield><subfield code="b">Algona Pub. Co.,</subfield><subfield code="c">1979-1988.</subfield></datafield><datafield ind1=" " ind2=" " tag="300"><subfield code="a">10 v.</subfield></datafield><datafield ind1=" " ind2=" " tag="310"><subfield code="a">Weekly</subfield></datafield><datafield ind1="0" ind2=" " tag="362"><subfield code="a">Vol. 79, no. 26 (June 25, 1979)-v. 88, no. 7 (Feb. 19, 1988).</subfield></datafield><datafield ind1=" " ind2=" " tag="752"><subfield code="a">United States</subfield><subfield code="b">Iowa</subfield><subfield code="c">Kossuth</subfield><subfield code="d">Algona.</subfield></datafield><datafield ind1="0" ind2=" " tag="777"><subfield code="t">Algona upper Des Moines</subfield><subfield code="w">(DLC)sn 87057739</subfield><subfield code="t">1979-1988</subfield></datafield><datafield ind1="0" ind2="0" tag="780"><subfield code="t">Algona Kossuth County advance</subfield><subfield code="w">(DLC)sn 87057567</subfield></datafield></record>